@book{Buser1992,
  author    = {Peter Buser},
  title     = {Geometry and Spectra of Compact Riemann Surfaces},
  publisher = {Birkh{\"a}user},
  year      = {1992},
  doi       = {10.1007/978-3-0348-8627-1},
  isbn      = {978-3-0348-8626-4}
}

@book{Hejhal1983,
  author    = {Dennis A. Hejhal},
  title     = {The Selberg Trace Formula for {PSL}(2, $\mathbb{R}$), Vol. 2},
  publisher = {Springer},
  series    = {Lecture Notes in Mathematics},
  volume    = {1001},
  year      = {1983},
  doi       = {10.1007/BFb0097561},
  isbn      = {978-3-540-12324-2}
}

@book{Iwaniec2002,
  author    = {Henryk Iwaniec},
  title     = {Spectral Methods of Automorphic Forms},
  publisher = {American Mathematical Society},
  edition   = {2},
  year      = {2002},
  series    = {Graduate Studies in Mathematics},
  volume    = {53},
  isbn      = {978-0-8218-3160-3}
}

@book{Terras1985,
  author    = {Audrey Terras},
  title     = {Harmonic Analysis on Symmetric Spaces and Applications I},
  publisher = {Springer},
  year      = {1985},
  doi       = {10.1007/978-1-4612-5116-5},
  isbn      = {978-0-387-96177-2}
}

@book{Helgason1978,
  author    = {Sigurdur Helgason},
  title     = {Differential Geometry, Lie Groups, and Symmetric Spaces},
  publisher = {Academic Press},
  year      = {1978},
  isbn      = {978-0123384601}
}

@book{HormanderI,
  author    = {Lars H{\"o}rmander},
  title     = {The Analysis of Linear Partial Differential Operators I},
  publisher = {Springer},
  year      = {1983},
  doi       = {10.1007/978-3-642-96750-4},
  isbn      = {978-3-540-12104-0}
}

@book{HormanderIII,
  author    = {Lars H{\"o}rmander},
  title     = {The Analysis of Linear Partial Differential Operators III},
  publisher = {Springer},
  year      = {1985},
  doi       = {10.1007/978-3-642-96827-3},
  isbn      = {978-3-540-13828-4}
}

@book{Zworski2012,
  author    = {Maciej Zworski},
  title     = {Semiclassical Analysis},
  publisher = {American Mathematical Society},
  series    = {Graduate Studies in Mathematics},
  volume    = {138},
  year      = {2012},
  isbn      = {978-0-8218-8322-0}
}

@book{Sogge2017,
  author    = {Christopher D. Sogge},
  title     = {Fourier Integrals in Classical Analysis},
  edition   = {2},
  publisher = {Cambridge University Press},
  year      = {2017},
  doi       = {10.1017/9781316716905},
  isbn      = {978-1-107-13190-6}
}

@article{Li1997,
  author  = {Xian-Jin Li},
  title   = {The Positivity of a Sequence of Numbers and the Riemann Hypothesis},
  journal = {Journal of Number Theory},
  volume  = {65},
  year    = {1997},
  pages   = {325--333},
  doi     = {10.1006/jnth.1997.2137}
}

@article{Lagarias2002,
  author  = {Jeffrey C. Lagarias},
  title   = {An Elementary Problem Equivalent to the Riemann Hypothesis},
  journal = {American Mathematical Monthly},
  volume  = {109},
  number  = {6},
  year    = {2002},
  pages   = {534--543},
  doi     = {10.2307/2695443}
}

@article{Connes1999,
  author  = {Alain Connes},
  title   = {Trace Formula in Noncommutative Geometry and the Zeros of the Riemann Zeta Function},
  journal = {Selecta Mathematica},
  volume  = {5},
  year    = {1999},
  pages   = {29--106},
  doi     = {10.1007/s000290050041}
}

@book{Titchmarsh1986,
  author    = {E. C. Titchmarsh},
  title     = {The Theory of the Riemann Zeta-Function},
  edition   = {2},
  publisher = {Oxford University Press},
  year      = {1986},
  isbn      = {978-0198533696}
}

@book{Edwards1974,
  author    = {Harold M. Edwards},
  title     = {Riemann's Zeta Function},
  publisher = {Academic Press},
  year      = {1974},
  isbn      = {978-0486460013}
}

@article{Odlyzko1987,
  author  = {Andrew M. Odlyzko},
  title   = {On the Distribution of Spacings Between Zeros of the Zeta Function},
  journal = {Mathematics of Computation},
  volume  = {48},
  year    = {1987},
  pages   = {273--308},
  doi     = {10.2307/2007890}
}

@article{Platt2016,
  author  = {David Platt},
  title   = {Computing $\pi(x)$ Analytically},
  journal = {Mathematics of Computation},
  volume  = {85},
  year    = {2016},
  pages   = {2039--2067},
  doi     = {10.1090/mcom/3043

@book{Langlands1970,
  author    = {Robert P. Langlands},
  title     = {Problems in the Theory of Automorphic Forms},
  series    = {Lecture Notes in Mathematics},
  volume    = {170},
  publisher = {Springer},
  year      = {1970}
}

@book{Knapp2001,
  author    = {Anthony W. Knapp},
  title     = {Representation Theory of Semisimple Groups: An Overview Based on Examples},
  publisher = {Princeton University Press},
  year      = {2001}
}

@incollection{JacquetShalika1983,
  author    = {Herv{\'e} Jacquet and Joseph Shalika},
  title     = {The Whittaker Models for Induced Representations of $GL(n)$},
  booktitle = {Studies in Honor of Harish-Chandra},
  series    = {Annals of Mathematics Studies},
  volume    = {114},
  publisher = {Princeton University Press},
  year      = {1983}
}

@book{Goldfeld2006,
  author    = {Dorian Goldfeld},
  title     = {Automorphic Forms and $L$-Functions for the Group $GL(2,\mathbb{R})$},
  publisher = {Cambridge University Press},
  year      = {2006}
}

@book{Bump1997,
  author    = {Daniel Bump},
  title     = {Automorphic Forms and Representations},
  series    = {Cambridge Studies in Advanced Mathematics},
  volume    = {55},
  publisher = {Cambridge University Press},
  year      = {1997}
}

@article{Muller1992,
  author  = {Werner M{\"u}ller},
  title   = {Spectral Geometry and Scattering Theory for Certain Complete Surfaces of Finite Volume},
  journal = {Inventiones Mathematicae},
  volume  = {109},
  year    = {1992},
  pages   = {265--305}
}

@book{Sarnak1990,
  author    = {Peter Sarnak},
  title     = {Some Applications of Modular Forms},
  series    = {Cambridge Tracts in Mathematics},
  volume    = {99},
  publisher = {Cambridge University Press},
  year      = {1990}
}

@article{Venkatesh2010,
  author  = {Akshay Venkatesh},
  title   = {Sparse Equidistribution Problems, Period Bounds and Subconvexity},
  journal = {Annals of Mathematics},
  volume  = {172},
  number  = {2},
  year    = {2010},
  pages   = {989--1094}
}

@article{MichelVenkatesh2010,
  author  = {Philippe Michel and Akshay Venkatesh},
  title   = {The Subconvexity Problem for $GL_2$},
  journal = {Publications Math{\'e}matiques de l'IH{\'E}S},
  volume  = {111},
  year    = {2010},
  pages   = {171--271}
}

@book{IwaniecKowalski2004,
  author    = {Henryk Iwaniec and Emmanuel Kowalski},
  title     = {Analytic Number Theory},
  series    = {Colloquium Publications},
  volume    = {53},
  publisher = {American Mathematical Society},
  year      = {2004}
}

@book{Bombieri2000,
  author    = {Enrico Bombieri},
  title     = {The Riemann Hypothesis: Official Problem},
  publisher = {Clay Mathematics Institute},
  year      = {2000}
}

@article{LagariasWeiss2009,
  author  = {Jeffrey C. Lagarias and Harold Weiss},
  title   = {The $n$th Coefficient of the Riemann Zeta Function},
  journal = {Proceedings of the American Mathematical Society},
  volume  = {137},
  year    = {2009},
  pages   = {4429--4437}
}

@misc{Kontsevich2000,
  author = {Maxim Kontsevich},
  title  = {Notes on Motivic Integration},
  howpublished = {Lecture notes, Orsay},
  year   = {2000},
  eprint = {arXiv:math/9903187}
}

@book{Weil1974,
  author    = {Andr{\'e} Weil},
  title     = {Basic Number Theory},
  publisher = {Springer},
  year      = {1974}
}

@book{GodementJacquet1972,
  author    = {Roger Godement and Herv{\'e} Jacquet},
  title     = {Zeta Functions of Simple Algebras},
  publisher = {Springer},
  year      = {1972}
}

@book{Arthur2013,
  author    = {James Arthur},
  title     = {The Endoscopic Classification of Representations: Orthogonal and Symplectic Groups},
  series    = {American Mathematical Society Colloquium Publications},
  volume    = {61},
  publisher = {American Mathematical Society},
  year      = {2013}
}

@article{GelbartJacquet1978,
  author  = {Stephen Gelbart and Herv{\'e} Jacquet},
  title   = {A Relation Between Automorphic Representations of $GL(2)$ and $GL(3)$},
  journal = {Annales Scientifiques de l'{\'E}cole Normale Sup{\'e}rieure},
  volume  = {11},
  year    = {1978},
  pages   = {471--542}
}

@book{Selberg1990,
  author    = {Atle Selberg},
  title     = {Collected Papers, Vol.~II},
  publisher = {Springer},
  year      = {1990}
}

@book{Gelbart2016,
  author    = {Stephen Gelbart},
  title     = {Lectures on the Arthur--Selberg Trace Formula},
  publisher = {American Mathematical Society},
  year      = {2016}
}

@book{ClozelMilne2001,
  author    = {Laurent Clozel and James S. Milne},
  title     = {Automorphic Forms, Shimura Varieties, and $L$-Functions},
  publisher = {Academic Press},
  year      = {2001}
}

@book{Knapp2016,
  author    = {Anthony W. Knapp},
  title     = {Advanced Real Analysis},
  publisher = {Springer},
  year      = {2016}
}

@book{Mazur2004,
  author    = {Barry Mazur},
  title     = {What is Riemann's Hypothesis?},
  publisher = {Clay Mathematics Monographs},
  year      = {2004}
}

@book{Serre1973,
  author    = {Jean-Pierre Serre},
  title     = {A Course in Arithmetic},
  publisher = {Springer},
  year      = {1973}
}

@article{Weyl1912,
  author  = {Hermann Weyl},
  title   = {Das asymptotische Verteilungsgesetz der Eigenwerte linearer partieller Differentialgleichungen},
  journal = {Mathematische Annalen},
  volume  = {71},
  year    = {1912},
  pages   = {441--479}
}

@book{Selberg1989,
  author    = {Atle Selberg},
  title     = {Collected Papers, Vol.~I},
  publisher = {Springer},
  year      = {1989}
}

@book{Mumford1983,
  author    = {David Mumford},
  title     = {Tata Lectures on Theta I},
  publisher = {Birkh{\"a}user},
  year      = {1983}
}

@book{Kowalski2021,
  author    = {Emmanuel Kowalski},
  title     = {An Introduction to Analytic and Probabilistic Number Theory},
  publisher = {Cambridge University Press},
  year      = {2021}
}

@book{Gross2006,
  author    = {Benedict H. Gross},
  title     = {Lectures on the Arithmetic of Modular Forms},
  publisher = {Princeton University Press},
  year      = {2006}
}

@incollection{Deninger1992,
  author    = {Christopher Deninger},
  title     = {Motivic $L$-Functions and Regularized Determinants},
  booktitle = {Motives},
  series    = {Proc. Symposia in Pure Mathematics},
  volume    = {55},
  pages     = {707--743},
  year      = {1994},
  publisher = {American Mathematical Society}
}
