@article{selberg1956,
  author  = {Selberg, Atle},
  title   = {Harmonic analysis and discontinuous groups},
  journal = {J. Indian Math. Soc.},
  volume  = {20},
  year    = {1956},
  pages   = {47--87}
}

@book{hejhal1976,
  author    = {Hejhal, Dennis A.},
  title     = {The Selberg Trace Formula for $\mathrm{PSL}(2,\mathbb{R})$, Vol.~I},
  series    = {Lecture Notes in Mathematics},
  volume    = {548},
  publisher = {Springer},
  year      = {1976},
  doi       = {10.1007/BFb0074437}
}

@book{hejhal1983,
  author    = {Hejhal, Dennis A.},
  title     = {The Selberg Trace Formula for $\mathrm{PSL}(2,\mathbb{R})$, Vol.~II},
  series    = {Lecture Notes in Mathematics},
  volume    = {1001},
  publisher = {Springer},
  year      = {1983},
  doi       = {10.1007/BFb0061300}
}

@article{mueller1983,
  author  = {M{\"u}ller, Werner},
  title   = {Spectral theory for {R}iemannian manifolds with cusps},
  journal = {J. Differential Geom.},
  volume  = {18},
  year    = {1983},
  pages   = {575--598},
  doi     = {10.4310/jdg/1214437785}
}

@book{buser1992,
  author    = {Buser, Peter},
  title     = {Geometry and Spectra of Compact Riemann Surfaces},
  publisher = {Birkh{\"a}user},
  year      = {1992}
  % (add DOI/ISBN later if desired)
}

@book{zworski2012,
  author    = {Zworski, Maciej},
  title     = {Semiclassical Analysis},
  series    = {Graduate Studies in Mathematics},
  volume    = {138},
  publisher = {American Mathematical Society},
  year      = {2012},
  doi       = {10.1090/gsm/138}
}

@book{dyatlovzworski2019,
  author    = {Dyatlov, Semyon and Zworski, Maciej},
  title     = {Mathematical Theory of Scattering Resonances},
  series    = {University Lecture Series},
  volume    = {200},
  publisher = {American Mathematical Society},
  year      = {2019},
  doi       = {10.1090/ulect/200}
}

@article{chazarain1974,
  author  = {Chazarain, Jacques},
  title   = {Formule de Poisson pour les vari{\'e}t{\'e}s riemanniennes},
  journal = {Invent. Math.},
  volume  = {24},
  year    = {1974},
  pages   = {65--82},
  doi     = {10.1007/BF01418762}
}

@article{iwaniec1995,
  author  = {Iwaniec, Henryk and Sarnak, Peter},
  title   = {$L^{\infty}$ norms of eigenfunctions on arithmetic surfaces},
  journal = {Ann. of Math.},
  volume  = {141},
  year    = {1995},
  pages   = {301--320},
  doi     = {10.2307/2118520}
}

@article{canzanigalkowski2019,
  author  = {Canzani, Yaiza and Galkowski, Jeffrey},
  title   = {Sharp Weyl laws for manifolds with boundary},
  journal = {Duke Math. J.},
  volume  = {168},
  number  = {16},
  year    = {2019},
  pages   = {2991--3050},
  doi     = {10.1215/00127094-2019-0002}
}
